@misc{RASD,
	author = {Matteo Pacciani and Francesco Piro},
	title = {\emph{SafeStreets: Requirements Analytics and Specification Document}},
	howpublished={Politecnico di Milano - Software Engineering 2 Project},
	year = {2019},
}

@TechReport{CB,
	author = {Anurag Dwarakanath, Upendra Chintala, Shrikanth N. C., Gurdeep Virdi, Alex Kass, Anitha Chandran, Shubhashis Sengupta and Sanjoy Paul },
	title = {CrowdBuild: A Methodology for Enterprise Software Development using Crowdsourcing},
	year = {2015},
	note = {}
}