@TechReport{ IEEErasd,
	author = {IEEE Std 830-1998},
	title = {\emph{IEEE Recommended Practice for Software Requirements Specifications}},
	year = {1998},
	note ={\textsc{url}: \url{http://www.math.uaa.alaska.edu/~afkjm/cs401/IEEE830.pdf}},
}

@TechReport{ IEEEre,
	author = {ISO/IEC/IEEE 29148},
	title = {\emph{Systems and software engineering — Life cycle processes — Requirements engineering}},
	year = {2011},
	note = {}
}

@report{W&M,
	author = {Michael Jackson},
	title = {The World and the Machine},
	year = {1995},
	note = {\textsc{url}: \url{http://mcs.open.ac.uk/mj665/icse17kn.pdf}}
}

@manual{Alloy,
	title = {Alloy Documentation},
	author = {alloytool.org},
	organization = {Software Design Group},
	note = {\textsc{url}: \url{http://alloytools.org/documentation.html}}
}

@misc{DD,
	author = {Matteo Pacciani and Francesco Piro},
	title = {\emph{SafeStreets: Design Document}},
	howpublished = {Politecnico di Milano - Software Engineering 2 Project},
	year = {2019}
}